<?xml version="1.0" encoding="UTF-8"?><collection xmlns="http://www.loc.gov/MARC21/slim"><record><leader>00517nam--2200181-i-4500</leader><controlfield tag="001">000036072</controlfield><controlfield tag="002">20161230</controlfield><controlfield tag="005">20161230201040</controlfield><controlfield tag="008">060222s1000------------r-----000-0-eng-d</controlfield><datafield ind1=" " ind2=" " tag="040"><subfield code="a">IFIN-HH</subfield></datafield><datafield ind1=" " ind2=" " tag="080"><subfield code="a">533.9</subfield></datafield><datafield ind1="1" ind2=" " tag="100"><subfield code="a">Allis, William P</subfield></datafield><datafield ind1="1" ind2="0" tag="245"><subfield code="a">Nuclear fusion</subfield><subfield code="c">WILLIAM P. ALLIS (Ed.)</subfield></datafield><datafield ind1=" " ind2=" " tag="260"><subfield code="a">New York, D. Van Nostrand Company, Inc., 1960</subfield></datafield><datafield ind1=" " ind2=" " tag="300"><subfield code="a">VIII+488P</subfield></datafield><datafield ind1=" " ind2=" " tag="490"><subfield code="a">The Second Geneva Series On The Peaceful Uses Of Atomic Energy</subfield></datafield><datafield ind1=" " ind2=" " tag="852"><subfield code="a">15981</subfield><subfield code="c">533.9</subfield></datafield><datafield ind1=" " ind2=" " tag="CAT"><subfield code="a">Sys</subfield><subfield code="c">20100921</subfield><subfield code="h">141853</subfield></datafield></record></collection>